001  0000061
005  20170429125924.052
008  170429s||||     bl|||||||||||||||||por|u
020    $a8287000012
040    $aPorto Alegre$bpor
090    $a342.7$bD599
245 10 $aDireitos humanos no cotidiano
250    $a2. ed.
260    $aBrasília$bMinistério da Justiça$c2001
300    $a384 p.$bil. color
610 0  $aUNESCO
650    $aDireitos Humanos
650    $aDireito Internacional Público
651    $aBrasil
710 0_ $aBrasil.Ministério da Justiça
